@Manual{R-DCCA,
  title = {DCCA: Detrended Fluctuation and Detrended Cross-Correlation Analysis},
  author = {Taiane Schaedler Prass and Guilherme Pumi},
  year = {2020},
  note = {R package version 0.1.1},
  url = {https://CRAN.R-project.org/package=DCCA},
}

@Manual{R-DFA,
  title = {DFA: Detrended Fluctuation Analysis},
  author = {Victor Barreto Mesquita and FlorÃªncio Mendes Oliveira Filho and Ian Meneghel Danilevicz.},
  year = {2024},
  note = {R package version 1.0.0},
  url = {https://CRAN.R-project.org/package=DFA},
}

@article{alchieri2024lateralization,
  title={Lateralization Effects in Electrodermal Activity Data Collected Using Wearable Devices},
  author={Alchieri, Leonardo and Abdalazim, Nouran and Alecci, Lidia and Gashi, Shkurta and Gjoreski, Martin and Santini, Silvia},
  journal={Proceedings of the ACM on Interactive, Mobile, Wearable and Ubiquitous Technologies},
  volume={8},
  number={1},
  pages={1--30},
  year={2024},
  publisher={ACM New York, NY, USA}
}